@article{zasloff2002antimicrobial,
	title={Antimicrobial peptides of multicellular organisms},
	author={Zasloff, Michael},
	journal={nature},
	volume={415},
	number={6870},
	pages={389--395},
	year={2002},
	publisher={Nature Publishing Group}
}

@inproceedings{parker2013comparing,
  title={Comparing nosql mongodb to an sql db},
  author={Parker, Zachary and Poe, Scott and Vrbsky, Susan V},
  booktitle={Proceedings of the 51st ACM Southeast Conference},
  pages={1--6},
  year={2013}
}

@book{marchioni2015mongodb,
  title={MongoDB for Java developers},
  author={Marchioni, Francesco},
  year={2015},
  publisher={Packt Publishing Ltd}
}

@misc{ wiki:xxx,
    author = "{Wikipedia}",
    title = "{- React: https://en.wikipedia.org/wiki/React_(web_framework)}",
    url = "{https://en.wikipedia.org/w/index.php?title=React_(web_framework)&oldid=944244528}",
  }
  
  @misc{Stack,
    title = "Stack Overflow Developers Survey: https://insights.stackoverflow.com/survey/2019",
    url = "https://insights.stackoverflow.com/survey/2019",
  }
  
  @misc{ wiki:trello,
    author = "{Wikipedia}",
    title = "{- Trello: https://en.wikipedia.org/w/index.php?title=Trello&oldid=945177792}",
    url = "{https://en.wikipedia.org/w/index.php?title=Trello&oldid=945177792}"
  }
  
  @misc{ wiki:nosql,
    author = "{Wikipedia}",
    title = "{NoSQL:  https://en.wikipedia.org/w/index.php?title=NoSQL&oldid=952294228}",
    url = "{https://en.wikipedia.org/w/index.php?title=NoSQL&oldid=952294228}"
  }

@misc{Mongo:doc,
  author = "{MongoDB}",
  title = "{-Document Description: https://docs.mongodb.com/getting-started/cpp/documents/}",
  url = "{https://docs.mongodb.com/getting-started/cpp/documents/}"
}
  

@misc{Mongo:clusters,
  author = "{MongoDB}",
  title = "{- Cluster Description: https://docs.atlas.mongodb.com/cluster-configuration/}",
  url = "{https://docs.atlas.mongodb.com/cluster-configuration/}"
}

@misc{Heroku:about,
  author = "{MongoDB}",
  title = "{{Heroku} About: https://www.heroku.com/about}",
  url = "{https://www.heroku.com/about}"
}

@misc{DZone:Spring,
  author = "{DZone}",
  title = "{- Understanding basics of Spring vs Spring Boot: https://dzone.com/articles/understanding-the-basics-of-spring-vs-spring-boot}",
  url = "{https://dzone.com/articles/understanding-the-basics-of-spring-vs-spring-boot}"
}

@misc{Spring:SpringBoot,
  author = "{Spring}",
  title = "{-Spring Boot: https://spring.io/projects/spring-boot}",
  url = "{https://spring.io/projects/spring-boot}"
}

@misc{React:components,
  author = "{ReactJS}",
  title = "{- Components and props: https://reactjs.org/docs/components-and-props.html#props-are-read-only}",
  url = "{https://reactjs.org/docs/components-and-props.html#props-are-read-only}"
}

@misc{React:wiki,
  author = "{Wikipedia}",
  title = "{React: https://en.wikipedia.org/wiki/React_(web_framework}",
  url = "{https://en.wikipedia.org/wiki/React_(web_framework)}"
}

@misc{Babel,
  author = "{Babel}",
  title = "{- Homepage: https://babeljs.io/docs/en/}",
  url = "{https://babeljs.io/docs/en/}"
}

@misc{JWT,
  author = "{JWT}",
  title = "{- What is JWT: https://jwt.io/introduction/}",
  url = "{https://jwt.io/introduction/}"
}

@misc{POM,
  author = "{JavatPoint}",
  title = "{Maven - POM.XML: https://www.javatpoint.com/maven-pom-xml}",
  url = "{https://www.javatpoint.com/maven-pom-xml}"
}

@misc{Atlas,
  author = "{MongoDB}",
  title = "{- Docs, Deploy a cluster: https://docs.atlas.mongodb.com/tutorial/deploy-free-tier-cluster/}",
  url = "{https://docs.atlas.mongodb.com/tutorial/deploy-free-tier-cluster/}"
}

@misc{FullStack,
  author = "{W3}",
  title = "{What is a full stack developer: https://www.w3schools.com/whatis/whatis_fullstack.asp}",
  url = "{https://www.w3schools.com/whatis/whatis_fullstack.asp}"
}

@misc{TestingLibrary,
  author = "{React-Testing-Library}",
  title = "{- Intro: https://testing-library.com/docs/react-testing-library/intro}",
  url = "{https://testing-library.com/docs/react-testing-library/intro}"
}

@misc{OAuth,
  author = "{Varonis}",
  title = "{- What Is OAuth: https://www.varonis.com/blog/what-is-oauth/}",
  url = "{https://www.varonis.com/blog/what-is-oauth/}"
}

@misc{mean,
  author = "{Wikipedia}",
  title = "{MEAN: https://en.wikipedia.org/wiki/MEAN\_(solution\_stack)}",
  url = "{https://en.wikipedia.org/wiki/MEAN_(solution_stack)}"
}
  
@misc{dropwizard,
  author = "{DropWizard}",
  title = "{- Home: https://www.dropwizard.io/en/latest/}",
  url = "{https://www.dropwizard.io/en/latest/}"
}

@misc{boot:howto,
  author = "{HowToDoInJava}",
  title = "{- Spring Boot: https://howtodoinjava.com/spring-boot-tutorials/}",
  url = "{https://howtodoinjava.com/spring-boot-tutorials/}"
}

@misc{wiki:paas,
  author = "{Wikipedia}",
  title = "{PAAS: https://en.wikipedia.org/wiki/Platform_as_a_service}",
  url = "{https://en.wikipedia.org/wiki/Platform_as_a_service}"
}